@inproceedings{jain2012exploring,
  title={Exploring Shape Variations by {3D}-Model Decomposition and Part-based Recombination},
  author={Jain, Arjun and Thorm{\"a}hlen, Thorsten and Ritschel, Tobias and Seidel, Hans-Peter},
  booktitle={Computer Graphics Forum},
  volume={31},
  number={2pt3},
  pages={631--640},
  year={2012},
  organization={Wiley Online Library}
}

@book{ebert2003texturing,
  title={Texturing and modeling: a procedural approach},
  author={Ebert, David S},
  year={2003},
  publisher={Morgan Kaufmann}
}

@article{kalogerakis2010learning,
  title={Learning {3D} mesh segmentation and labeling},
  author={Kalogerakis, Evangelos and Hertzmann, Aaron and Singh, Karan},
  journal={ACM Transactions on Graphics (TOG)},
  volume={29},
  number={4},
  pages={102},
  year={2010},
  publisher={ACM}
}

@inproceedings{sporeanim,
 author = {Chris Hecker and Bernd Raabe and Ryan W. Enslow and 
           John DeWeese and Jordan Maynard and Kees van Prooijen},
 title = {Real-time Motion Retargeting to Highly Varied User-Created Morphologies},
 booktitle = {Proceedings of {ACM SIGGRAPH} '08},
 year = {2008} 
 }

 @inproceedings{kulpa2005morphology,
  title={Morphology-independent representation of motions for interactive human-like animation},
  author={Kulpa,  R and Multon,  F and Arnaldi, Bruno},
  booktitle={Computer Graphics Forum},
  volume={24},
  number={3},
  pages={343--351},
  year={2005},
  organization={Wiley Online Library}
}

@article{horswill2009lightweight,
  title={Lightweight procedural animation with believable physical interactions},
  author={Horswill, Ian Douglas},
  journal={Computational Intelligence and AI in Games, IEEE Transactions on},
  volume={1},
  number={1},
  pages={39--49},
  year={2009},
  publisher={IEEE}
}

@inproceedings{van2010real,
  title={Real Time Animation of Virtual Humans: A Trade-off Between Naturalness and Control},
  author={Van Welbergen, H and Van Basten, BJH and Egges, A and Ruttkay, Zs M and Overmars, MH},
  booktitle={Computer Graphics Forum},
  volume={29},
  number={8},
  pages={2530--2554},
  year={2010},
  organization={Wiley Online Library}
}