@inproceedings{Lowe:1999,
    author = {Lowe, David G.},
    title = {Object Recognition from Local Scale-Invariant Features},
    booktitle = {Proceedings of the International Conference on Computer Vision-Volume 2 - Volume 2},
    series = {ICCV '99},
    year = {1999},
    isbn = {0-7695-0164-8},
    pages = {1150--},
    url = {http://dl.acm.org/citation.cfm?id=850924.851523},
    acmid = {851523},
    publisher = {IEEE Computer Society},
    address = {Washington, DC, USA},
} 

@article{Ballard:1981,
    author = {Ballard, D. H.},
    doi = {10.1016/0031-3203(81)90009-1},
    issn = {00313203},
    journal = {Pattern Recognition},
    keywords = {hough, object\_recognition},
    pages = {111--122},
    title = {{Generalizing the Hough transform to detect arbitrary shapes}},
    url = {http://dx.doi.org/10.1016/0031-3203(81)90009-1},
    volume = {13},
    year = {1981}
}

@inproceedings{Beis:1997,
    author = {Beis, Jeffrey S. and Lowe, David G.},
    title = {Shape Indexing Using Approximate Nearest-Neighbour Search in High-Dimensional Spaces},
    booktitle = {Proceedings of the 1997 Conference on Computer Vision and Pattern Recognition (CVPR '97)},
    series = {CVPR '97},
    year = {1997},
    isbn = {0-8186-7822-4},
    pages = {1000--},
    url = {http://dl.acm.org/citation.cfm?id=794189.794431},
    acmid = {794431},
    publisher = {IEEE Computer Society},
    address = {Washington, DC, USA},
    keywords = {Shape indexing, Approximate nearest-neighbour search, Object recognition, Approximate k-d tree search, High-dimensional indexing},
}

@article{Murase:1995,
    author = {Murase, Hiroshi and Nayar, Shree K.},
    title = {Visual learning and recognition of 3-D objects from appearance},
    journal = {Int. J. Comput. Vision},
    issue_date = {Jan. 1995},
    volume = {14},
    number = {1},
    month = jan,
    year = {1995},
    issn = {0920-5691},
    pages = {5--24},
    numpages = {20},
    url = {http://dx.doi.org/10.1007/BF01421486},
    doi = {10.1007/BF01421486},
    acmid = {208947},
    publisher = {Kluwer Academic Publishers},
    address = {Hingham, MA, USA},
} 

@book{Tu:2007,
    author = {Tu, Jiyuan and Yeoh, Guan Heng and Liu, Chaoqun},
    title = {Computational Fluid Dynamics: A Practical Approach},
    year = {2007},
    isbn = {0750685638, 9780750685634},
    publisher = {Butterworth-Heinemann},
    address = {Newton, MA, USA},
}