@book{Nguyen:2007,
    author = {Nguyen, Hubert},
    title =  {Gpu gems 3},
    year = {2007},
    isbn = {9780321545428},
    edition = {First},
    publisher = {Addison-Wesley Professional},
}

@inproceedings{Cohen:2010,
    author = {Cohen, Jonathan M. and Tariq, Sarah and Green, Simon},
    title = {Interactive fluid-particle simulation using translating Eulerian grids},
    booktitle = {Proceedings of the 2010 ACM SIGGRAPH symposium on Interactive 3D Graphics and Games},
    series = {I3D '10},
    year = {2010},
    isbn = {978-1-60558-939-8},
    location = {Washington, D.C.},
    pages = {15--22},
    numpages = {8},
    url = {http://doi.acm.org/10.1145/1730804.1730807},
    doi = {10.1145/1730804.1730807},
    acmid = {1730807},
    publisher = {ACM},
    address = {New York, NY, USA},
    keywords = {GPU computing, fluid simulation, particle simulation},
}

@inproceedings{Long:2009,
    author = {Long, Benjamin and Reinhard, Erik},
    title = {Real-time fluid simulation using discrete sine/cosine transforms},
    booktitle = {Proceedings of the 2009 symposium on Interactive 3D graphics and games},
    series = {I3D '09},
    year = {2009},
    isbn = {978-1-60558-429-4},
    location = {Boston, Massachusetts},
    pages = {99--106},
    numpages = {8},
    url = {http://doi.acm.org/10.1145/1507149.1507165},
    doi = {10.1145/1507149.1507165},
    acmid = {1507165},
    publisher = {ACM},
    address = {New York, NY, USA},
    keywords = {DCT/DST transforms, real-time fluid simulation, real-time rendering},
} 

@inproceedings{Kellomaki:2012,
    author = {Kellom\"{a}ki, Timo},
    title = {Water simulation methods for games: a comparison},
    booktitle = {Proceeding of the 16th International Academic MindTrek Conference},
    series = {MindTrek '12},
    year = {2012},
    isbn = {978-1-4503-1637-8},
    location = {Tampere, Finland},
    pages = {10--14},
    numpages = {5},
    url = {http://doi.acm.org/10.1145/2393132.2393135},
    doi = {10.1145/2393132.2393135},
    acmid = {2393135},
    publisher = {ACM},
    address = {New York, NY, USA},
} 
@inproceedings{Stam:2003,
    author = {Stam, Jos},
    keywords = {cfd, graphics, opengl, pde},
    title = {{Real-Time Fluid Dynamics for Games}},
    booktitle = {Proceedings of the Game Developer Conference},
    year = {2003},
    location = {Toronto, Ontario, Canada}
}

@article{Stam:2002,
    author = {Stam, Jos},
    title = {A simple fluid solver based on the {FFT}},
    journal = {J. Graph. Tools},
    issue_date = {2001},
    volume = {6},
    number = {2},
    month = sep,
    year = {2002},
    issn = {1086-7651},
    pages = {43--52},
    numpages = {10},
    url = {http://dx.doi.org/10.1080/10867651.2001.10487540},
    doi = {10.1080/10867651.2001.10487540},
    acmid = {607965},
    publisher = {A. K. Peters, Ltd.},
    address = {Natick, MA, USA},
} 

@inproceedings{Ebert:1994, 
    author={Ebert, D.S. and Yagel, R. and Scott, J. and Kurzion, Y.}, 
    booktitle={Visualization, 1994., Visualization '94, Proceedings., IEEE Conference on}, title={Volume rendering methods for computational fluid dynamics visualization}, 
    year={1994}, 
    pages={232-239, CP26}, 
    keywords={computer animation;data visualisation;flow simulation;flow visualisation;flowmeters;lighting;physics computing;rendering (computer graphics);CFD data;CFD explorer;computational fluid dynamics visualization;data features;photo-realistic images;preview capabilities;rapid rendering mechanisms;ray casting;realistic rendition;realistic volumetric gas rendering techniques;sampler illumination model;scalar CFD data;shock waves;simple illumination model;transfer functions;volume rendering capabilities;volume rendering methods;Aerospace engineering;Animation;Casting;Computational fluid dynamics;Computational modeling;Data visualization;Information science;Lighting;Rendering (computer graphics);Transfer functions}, 
    doi={10.1109/VISUAL.1994.346314}
}

@inproceedings{daS.Junior:2011,
    author = {da S. Junior, Jose Ricardo and Clua, Esteban and Montenegro, Anselmo and Lage, Marcos and Vasconcellos, Cristina and Pagliosa, Paulo},
    title = {Two-Way Real Time Fluid Simulation Using a Heterogeneous Multicore {CPU} and {GPU} Architecture},
    booktitle = {Proceedings of the 2011 IEEE Workshop on Principles of Advanced and Distributed Simulation},
    series = {PADS '11},
    year = {2011},
    isbn = {978-1-4577-1363-7},
    pages = {1--8},
    numpages = {8},
    url = {http://dx.doi.org/10.1109/PADS.2011.5936750},
    doi = {10.1109/PADS.2011.5936750},
    acmid = {2060642},
    publisher = {IEEE Computer Society},
    address = {Washington, DC, USA},
} 

@ONLINE{West:2008,
    author = {West, Mick},
    title = {Practical Fluid Mechanics},
    month = June,
    year = {2008},
    url = {http://www.gamasutra.com/view/feature/1615/practical_fluid_dynamics__part_ii.php},
    url = {http://www.gamasutra.com/view/feature/1549/practical_fluid_dynamics_part_1.php},
    publisher = {Gamasutra}
}

@book{Tu:2007,
    author = {Tu, Jiyuan and Yeoh, Guan Heng and Liu, Chaoqun},
    title = {Computational Fluid Dynamics: A Practical Approach},
    year = {2007},
    isbn = {0750685638, 9780750685634},
    publisher = {Butterworth-Heinemann},
    address = {Newton, MA, USA},
}

@inproceedings{Muller:2003,
 author = {M\"{u}ller, Matthias and Charypar, David and Gross, Markus},
 title = {Particle-based fluid simulation for interactive applications},
 booktitle = {Proceedings of the 2003 ACM SIGGRAPH/Eurographics symposium on Computer animation},
 series = {SCA '03},
 year = {2003},
 isbn = {1-58113-659-5},
 location = {San Diego, California},
 pages = {154--159},
 numpages = {6},
 url = {http://dl.acm.org/citation.cfm?id=846276.846298},
 acmid = {846298},
 publisher = {Eurographics Association},
 address = {Aire-la-Ville, Switzerland, Switzerland},
} 